@article{Hayasaki:2009ug,
      author         = "Hayasaki, Kimitake and Takahashi, Keitaro and Sendouda,
                        Yuuiti and Nagataki, Shigehiro",
      title          = "{Rapid merger of binary primordial black holes: An
                        implication for GW150914}",
      journal        = "Publ. Astron. Soc. Jap.",
      volume         = "68",
      year           = "2016",
      number         = "4",
      pages          = "66",
      doi            = "10.1093/pasj/psw065",
      eprint         = "0909.1738",
      archivePrefix  = "arXiv",
      primaryClass   = "astro-ph.CO",
      SLACcitation   = "%%CITATION = ARXIV:0909.1738;%%"
}

@article{Bird:2016dcv,
      author         = "Bird, Simeon and Cholis, Ilias and Muñoz, Julian B. and
                        Ali-Haïmoud, Yacine and Kamionkowski, Marc and Kovetz,
                        Ely D. and Raccanelli, Alvise and Riess, Adam G.",
      title          = "{Did LIGO detect dark matter?}",
      journal        = "Phys. Rev. Lett.",
      volume         = "116",
      year           = "2016",
      number         = "20",
      pages          = "201301",
      doi            = "10.1103/PhysRevLett.116.201301",
      eprint         = "1603.00464",
      archivePrefix  = "arXiv",
      primaryClass   = "astro-ph.CO",
      SLACcitation   = "%%CITATION = ARXIV:1603.00464;%%"
}

@article{Sasaki:2016jop,
      author         = "Sasaki, Misao and Suyama, Teruaki and Tanaka, Takahiro
                        and Yokoyama, Shuichiro",
      title          = "{Primordial Black Hole Scenario for the
                        Gravitational-Wave Event GW150914}",
      journal        = "Phys. Rev. Lett.",
      volume         = "117",
      year           = "2016",
      number         = "6",
      pages          = "061101",
      doi            = "10.1103/PhysRevLett.117.061101",
      eprint         = "1603.08338",
      archivePrefix  = "arXiv",
      primaryClass   = "astro-ph.CO",
      reportNumber   = "RESCEU-17-16, RUP-16-7, YITP-16-43",
      SLACcitation   = "%%CITATION = ARXIV:1603.08338;%%"
}

@article{Ali-Haimoud:2017rtz,
      author         = "Ali-Haïmoud, Yacine and Kovetz, Ely D. and Kamionkowski,
                        Marc",
      title          = "{The merger rate of primordial-black-hole binaries}",
      year           = "2017",
      eprint         = "1709.06576",
      archivePrefix  = "arXiv",
      primaryClass   = "astro-ph.CO",
      SLACcitation   = "%%CITATION = ARXIV:1709.06576;%%"
}

@article{Nakamura:1997sm,
      author         = "Nakamura, Takashi and Sasaki, Misao and Tanaka, Takahiro
                        and Thorne, Kip S.",
      title          = "{Gravitational waves from coalescing black hole MACHO
                        binaries}",
      journal        = "Astrophys. J.",
      volume         = "487",
      year           = "1997",
      pages          = "L139-L142",
      doi            = "10.1086/310886",
      eprint         = "astro-ph/9708060",
      archivePrefix  = "arXiv",
      primaryClass   = "astro-ph",
      reportNumber   = "YITP-97-17, OU-TAP-60, GRP-479",
      SLACcitation   = "%%CITATION = ASTRO-PH/9708060;%%"
}

@article{Ade:2015xua,
      author         = "Ade, P. A. R. and others",
      title          = "{Planck 2015 results. XIII. Cosmological parameters}",
      collaboration  = "Planck",
      journal        = "Astron. Astrophys.",
      volume         = "594",
      year           = "2016",
      pages          = "A13",
      doi            = "10.1051/0004-6361/201525830",
      eprint         = "1502.01589",
      archivePrefix  = "arXiv",
      primaryClass   = "astro-ph.CO",
      SLACcitation   = "%%CITATION = ARXIV:1502.01589;%%"
}

@article{Lahav:2014vza,
      author         = "Lahav, Ofer and Liddle, Andrew R",
      title          = "{The Cosmological Parameters 2014}",
      year           = "2014",
      eprint         = "1401.1389",
      archivePrefix  = "arXiv",
      primaryClass   = "astro-ph.CO",
      SLACcitation   = "%%CITATION = ARXIV:1401.1389;%%"
}

@article{Lacki:2010zf,
      author         = "Lacki, Brian C. and Beacom, John F.",
      title          = "{Primordial Black Holes as Dark Matter: Almost All or
                        Almost Nothing}",
      journal        = "Astrophys. J.",
      volume         = "720",
      year           = "2010",
      pages          = "L67-L71",
      doi            = "10.1088/2041-8205/720/1/L67",
      eprint         = "1003.3466",
      archivePrefix  = "arXiv",
      primaryClass   = "astro-ph.CO",
      SLACcitation   = "%%CITATION = ARXIV:1003.3466;%%"
}

@article{Ricotti:2007jk,
      author         = "Ricotti, Massimo",
      title          = "{Bondi accretion in the early universe}",
      journal        = "Astrophys. J.",
      volume         = "662",
      year           = "2007",
      pages          = "53-61",
      doi            = "10.1086/516562",
      eprint         = "0706.0864",
      archivePrefix  = "arXiv",
      primaryClass   = "astro-ph",
      SLACcitation   = "%%CITATION = ARXIV:0706.0864;%%"
}

@article{Mack:2006gz,
      author         = "Mack, Katherine J. and Ostriker, Jeremiah P. and Ricotti,
                        Massimo",
      title          = "{Growth of structure seeded by primordial black holes}",
      journal        = "Astrophys. J.",
      volume         = "665",
      year           = "2007",
      pages          = "1277-1287",
      doi            = "10.1086/518998",
      eprint         = "astro-ph/0608642",
      archivePrefix  = "arXiv",
      primaryClass   = "astro-ph",
      SLACcitation   = "%%CITATION = ASTRO-PH/0608642;%%"
}